
@article{palmer2005proposition,
  title={The proposition bank: An annotated corpus of semantic roles},
  author={Palmer, Martha and Gildea, Daniel and Kingsbury, Paul},
  journal={Computational linguistics},
  volume={31},
  number={1},
  pages={71--106},
  year={2005},
  publisher={MIT Press}
}

@article{strubell2018linguistically,
  title={Linguistically-Informed Self-Attention for Semantic Role Labeling},
  author={Strubell, Emma and Verga, Patrick and Andor, Daniel and Weiss, David and McCallum, Andrew},
  journal={arXiv preprint arXiv:1804.08199},
  year={2018}
}

@inproceedings{loper2007combining,
  title={Combining lexical resources: mapping between propbank and verbnet},
  author={Loper, Edward and Yi, Szu-Ting and Palmer, Martha}
}

@article{schuler2005verbnet,
  title={VerbNet: A broad-coverage, comprehensive verb lexicon},
  author={Schuler, Karin Kipper},
  year={2005}
}

@inproceedings{palmer2009semlink,
  title={Semlink: Linking propbank, verbnet and framenet},
  author={Palmer, Martha},
  booktitle={Proceedings of the generative lexicon conference},
  pages={9--15},
  year={2009},
  organization={GenLex-09, Pisa, Italy}
}